<record><leader>00000cas a2200000 a 4500</leader><controlfield tag="001">7323714</controlfield><controlfield tag="008">810410d19801982azumr ne      0   a0eng d</controlfield><controlfield tag="009">589</controlfield><datafield ind1=" " ind2=" " tag="010"><subfield code="a">sn 86091258 </subfield></datafield><datafield ind1=" " ind2=" " tag="040"><subfield code="a">AZU</subfield><subfield code="b">eng</subfield><subfield code="c">AZU</subfield><subfield code="d">UNP</subfield><subfield code="d">ANU</subfield><subfield code="d">ANN</subfield><subfield code="d">ZP2</subfield><subfield code="d">OCLCF</subfield></datafield><datafield ind1=" " ind2=" " tag="019"><subfield code="a">809200509</subfield></datafield><datafield ind1="1" ind2=" " tag="029"><subfield code="a">AU@</subfield><subfield code="b">000021896191</subfield></datafield><datafield ind1=" " ind2=" " tag="042"><subfield code="a">msc</subfield></datafield><datafield ind1=" " ind2=" " tag="043"><subfield code="a">n-us-az</subfield></datafield><datafield ind1=" " ind2="4" tag="050"><subfield code="a">AN2.N3</subfield><subfield code="b">M36</subfield></datafield><datafield ind1="0" ind2=" " tag="130"><subfield code="a">Manataba messenger (Parker, Ariz. : 1980)</subfield></datafield><datafield ind1="0" ind2="0" tag="245"><subfield code="a">Manataba messenger.</subfield></datafield><datafield ind1=" " ind2=" " tag="260"><subfield code="a">Parker, Ariz. :</subfield><subfield code="b">CRIT Communications &amp; Graphic Dept., Colorado River Indian Tribes,</subfield><subfield code="c">1980-1982.</subfield></datafield><datafield ind1=" " ind2=" " tag="300"><subfield code="a">v. :</subfield><subfield code="b">ill. ;</subfield><subfield code="c">36-58 cm.</subfield></datafield><datafield ind1=" " ind2=" " tag="310"><subfield code="a">Monthly,</subfield><subfield code="b">Feb.-June 1982</subfield></datafield><datafield ind1=" " ind2=" " tag="321"><subfield code="a">Weekly,</subfield><subfield code="b">Sept. 5, 1980-Jan. 1, 1982</subfield></datafield><datafield ind1="0" ind2=" " tag="362"><subfield code="a">Vol. 1, no. 1 (Sept.12, 1980)-v. 1, no. 5 (June 1982).</subfield></datafield><datafield ind1=" " ind2=" " tag="550"><subfield code="a">Official publication of the Colorado River Indian Tribes.</subfield></datafield><datafield ind1=" " ind2="0" tag="650"><subfield code="a">Mohave Indians</subfield><subfield code="v">Newspapers.</subfield></datafield><datafield ind1=" " ind2="0" tag="650"><subfield code="a">Indians of North America</subfield><subfield code="z">Arizona</subfield><subfield code="v">Newspapers.</subfield></datafield><datafield ind1=" " ind2="0" tag="651"><subfield code="a">Parker (Ariz.)</subfield><subfield code="v">Newspapers.</subfield></datafield><datafield ind1=" " ind2="0" tag="651"><subfield code="a">Yuma County (Ariz.)</subfield><subfield code="v">Newspapers.</subfield></datafield><datafield ind1=" " ind2="0" tag="651"><subfield code="a">Colorado River Indian Reservation (Ariz. and Calif.)</subfield><subfield code="v">Newspapers.</subfield></datafield><datafield ind1=" " ind2="7" tag="655"><subfield code="a">Newspapers.</subfield><subfield code="2">fast</subfield><subfield code="0">(OCoLC)fst01423814</subfield></datafield><datafield ind1=" " ind2="7" tag="650"><subfield code="a">Indians of North America.</subfield><subfield code="2">fast</subfield><subfield code="0">(OCoLC)fst00969633</subfield></datafield><datafield ind1=" " ind2="7" tag="650"><subfield code="a">Mohave Indians.</subfield><subfield code="2">fast</subfield><subfield code="0">(OCoLC)fst01024550</subfield></datafield><datafield ind1=" " ind2="7" tag="651"><subfield code="a">Arizona.</subfield><subfield code="2">fast</subfield><subfield code="0">(OCoLC)fst01204820</subfield></datafield><datafield ind1=" " ind2="7" tag="651"><subfield code="a">Arizona</subfield><subfield code="z">Parker.</subfield><subfield code="2">fast</subfield><subfield code="0">(OCoLC)fst01226552</subfield></datafield><datafield ind1=" " ind2="7" tag="651"><subfield code="a">Arizona</subfield><subfield code="z">Yuma County.</subfield><subfield code="2">fast</subfield><subfield code="0">(OCoLC)fst01214073</subfield></datafield><datafield ind1=" " ind2="7" tag="651"><subfield code="a">United States</subfield><subfield code="z">Colorado River Indian Reservation.</subfield><subfield code="2">fast</subfield><subfield code="0">(OCoLC)fst01310081</subfield></datafield><datafield ind1="1" ind2=" " tag="710"><subfield code="a">Colorado River Indian Tribes of the Colorado River Indian Reservation, Arizona and California.</subfield></datafield><datafield ind1=" " ind2=" " tag="752"><subfield code="a">United States</subfield><subfield code="b">Arizona</subfield><subfield code="c">Yuma</subfield><subfield code="d">Parker.</subfield></datafield></record>